<collection xmlns="http://www.loc.gov/MARC21/slim">
<record>
  <leader>01301nam0a22002651i 450 </leader>
  <controlfield tag="001">IT\ICCU\CNCE\031827</controlfield>
  <controlfield tag="005">20110325000000.0</controlfield>
  <datafield tag="012" ind1=" " ind2=" ">
    <subfield code="a">e-um t.t. gogo usCo (C) 1540 (R)</subfield>
    <subfield code="2">fei</subfield>
  </datafield>
  <datafield tag="100" ind1=" " ind2=" ">
    <subfield code="a">19971206d1540        0itac0103    ba</subfield>
  </datafield>
  <datafield tag="101" ind1=" " ind2=" ">
    <subfield code="a">LAT</subfield>
  </datafield>
  <datafield tag="102" ind1=" " ind2=" ">
    <subfield code="a">IT</subfield>
  </datafield>
  <datafield tag="200" ind1="1" ind2=" ">
    <subfield code="a">℗Venturini Vasolli Fiuizanensis. ℗Grammatices Latinae primordia compendiaria</subfield>
  </datafield>
  <datafield tag="210" ind1=" " ind2=" ">
    <subfield code="e">Excussum in florentiss. ciuitate Papien. studiorum alumna</subfield>
    <subfield code="g">per Ioannem Mariam Simonetam Cremonensem impressorem solertissimum</subfield>
    <subfield code="h">1540 decimo quarto Calen. Iunij</subfield>
  </datafield>
  <datafield tag="215" ind1=" " ind2=" ">
    <subfield code="a">12 c.</subfield>
    <subfield code="d">4ʻ</subfield>
  </datafield>
  <datafield tag="620" ind1=" " ind2=" ">
    <subfield code="a">IT</subfield>
    <subfield code="d">Pavia</subfield>
  </datafield>
  <datafield tag="700" ind1=" " ind2="1">
    <subfield code="a">Vasoli,</subfield>
    <subfield code="b">Venturino</subfield>
    <subfield code="3">IT\ICCU\CNCA\009354</subfield>
  </datafield>
  <datafield tag="712" ind1="0" ind2="0">
    <subfield code="a">Simonetta, Giovanni Maria</subfield>
    <subfield code="3">IT\ICCU\CNCT\000183</subfield>
    <subfield code="4">650</subfield>
  </datafield>
  <datafield tag="790" ind1=" " ind2="1">
    <subfield code="a">Vasolio,</subfield>
    <subfield code="b">Venturino</subfield>
    <subfield code="3">IT\ICCU\CNCA\024633</subfield>
    <subfield code="z">Vasoli, Venturino</subfield>
  </datafield>
  <datafield tag="791" ind1="0" ind2="0">
    <subfield code="a">Simonettis, Ioannes Maria de</subfield>
    <subfield code="3">IT\ICCU\CNCT\004098</subfield>
    <subfield code="z">Simonetta, Giovanni Maria</subfield>
  </datafield>
  <datafield tag="791" ind1="0" ind2="0">
    <subfield code="a">Simonetus, Ioannes Maria</subfield>
    <subfield code="3">IT\ICCU\CNCT\004099</subfield>
    <subfield code="z">Simonetta, Giovanni Maria</subfield>
  </datafield>
  <datafield tag="791" ind1="0" ind2="0">
    <subfield code="a">Simonetti, Giovanni Maria de</subfield>
    <subfield code="3">IT\ICCU\CNCT\005676</subfield>
    <subfield code="z">Simonetta, Giovanni Maria</subfield>
  </datafield>
  <datafield tag="791" ind1="0" ind2="0">
    <subfield code="a">Simoneta, Giovanni Maria</subfield>
    <subfield code="3">IT\ICCU\CNCT\005677</subfield>
    <subfield code="z">Simonetta, Giovanni Maria</subfield>
  </datafield>
  <datafield tag="801" ind1=" " ind2="3">
    <subfield code="a">IT</subfield>
    <subfield code="b">ICCU</subfield>
    <subfield code="c">20201114</subfield>
  </datafield>
  <datafield tag="899" ind1=" " ind2=" ">
    <subfield code="a">Biblioteca comunale Augusta. Perugia</subfield>
    <subfield code="1">PG0109</subfield>
    <subfield code="2">UM1 01</subfield>
  </datafield>
  <datafield tag="899" ind1=" " ind2=" ">
    <subfield code="a">Nuova biblioteca pubblica Luigi Fumi. Orvieto</subfield>
    <subfield code="1">TR0022</subfield>
    <subfield code="2">UM1 06</subfield>
  </datafield>
</record>
</collection>
